@inproceedings{Dagher2015,
 author = {Dagher, Gaby G. and B\"{u}nz, Benedikt and Bonneau, Joseph and Clark, Jeremy and Boneh, Dan},
 title = {Provisions: Privacy-preserving Proofs of Solvency for {B}itcoin Exchanges},
 booktitle = {Proceedings of the 22nd ACM SIGSAC Conference on Computer and Communications Security (ACM CCS)},
 year = {2015},
 isbn = {978-1-4503-3832-5},
 location = {Denver, Colorado, USA},
 pages = {720--731},
 numpages = {12},
 acmid = {2813674},
 address = {New York, NY, USA},
 keywords = {bitcoin, exchange services, solvency, zero knowledge},
 note = {\url{https://crypto.stanford.edu/~dabo/pubs/abstracts/provisions.html}},
}


@misc{Vijayakumaran2017,
  title={{An Introduction to Bitcoin}},
  author={Vijayakumaran, Saravanan},
  year={2017},
  note = {\url{https://www.ee.iitb.ac.in/~sarva/bitcoin/bitcoin-notes-v0.1.pdf}},
}

@misc{KrakenPoR,
  title={{Proof of Reserves}},
  author={Kraken},
  year={2022},
  note = {\url{https://www.kraken.com/proof-of-reserves}},
}

@misc{KrakenCEO,
  title={{Tweet in response to being informed about Provisions}},
  author={Jesse Powell},
  year={2020},
  note = {\url{https://twitter.com/jespow/status/1229643409448554496}},
}

